@misc{example-citation,
  author = {Tullio Facchinetti},
  title = {How to write a thesis in LaTeX},
  note = {\url{http://robot.unipv.it/toolleeo}, Last Access 2021.06.21},
  year = {2021}
}
@misc{ultralytics_yolo_2023,
  author = {Jocher, Glenn and Chaurasia, Ayush and Qiu, Jing},
  title = {{Ultralytics YOLO}},
  year = {2023},
  version = {8.0.0},
  date = {2023-01-10},
  url = {https://ultralytics.com},
  repository = {https://github.com/ultralytics/ultralytics},
  license = {AGPL-3.0},
  organization = {Ultralytics},
  orcid = {0000-0001-5950-6979, 0000-0002-7603-6750, 0000-0003-3783-7069}
}
