@phdthesis{Larsson08,
   author = {S\"{o}ren Larsson},
   institution = {\"{O}rebro University, Department of Technology},
   pages = {20},
   publisher = {\"{O}rebro universitet},
   school = {\"{O}rebro University, Department of Technology},
   title = {An industrial robot as carrier of a laser profile scanner : Motion control, data capturing and path planning},
   series = {\"{O}rebro Studies in Technology},
   number = {29},
   year = {2008}
}

@phdthesis{LeBlanc10,
   author = {Kevin LeBlanc},
   institution = {\"{O}rebro University, School of Science and Technology},
   publisher = {\"{O}rebro universitet},
   school = {\"{O}rebro University, School of Science and Technology},
   title = {Cooperative Anchoring : Sharing Information about Objects in Multi-Robot systems},
   series = {\"{O}rebro Studies in Technology},
   year = {2010}
}

@phdthesis{Trincavelli10,
   author = {Marco Trincavelli},
   institution = {\"{O}rebro University, School of Science and Technology},
   publisher = {\"{O}rebro universitet},
   school = {\"{O}rebro University, School of Science and Technology},
   title = {Gas Discrimination for Mobile Robots},
   series = {\"{O}rebro Studies in Technology},
   year = {2010}
}

@phdthesis{Wasik05,
   author = {Zbigniew Wasik},
   institution = {\"{O}rebro University, \"{O}rebro University},
   pages = {185},
   publisher = {\"{O}rebro universitetsbibliotek},
   school = {\"{O}rebro University, \"{O}rebro University},
   title = {A Behavior-Based Control System for Mobile Manipulation},
   series = {\"{O}rebro Studies in Technology},
   number = {16},
   year = {2005}
}

@phdthesis{Boustedt07,
   author = {Katarina Boustedt},
   institution = {\"{O}rebro University, Department of Technology},
   pages = {100},
   publisher = {Institutionen f\"{o}r teknik},
   school = {\"{O}rebro University, Department of Technology},
   title = {Flip Chip for High Frequency Applications : Materials Aspects},
   series = {\"{O}rebro Studies in Technology},
   number = {27},
   year = {2007}
}

@phdthesis{Buschka05,
   author = {P\"{a}r Buschka},
   institution = {\"{O}rebro University, Department of Technology},
   pages = {238},
   publisher = {\"{O}rebro universitetsbibliotek},
   school = {\"{O}rebro University, Department of Technology},
   title = {An Investigation of Hybrid Maps for Mobile Robots},
   series = {\"{O}rebro Studies in Technology},
   number = {20},
   year = {2005}
}

@phdthesis{Persson08,
   author = {Martin Persson},
   institution = {\"{O}rebro University, Department of Technology},
   pages = {170},
   publisher = {\"{O}rebro universitetsbibliotek},
   school = {\"{O}rebro University, Department of Technology},
   title = {Semantic Mapping using Virtual Sensors and Fusion of Aerial Images with Sensor Data from a Ground Vehicle},
   series = {\"{O}rebro Studies in Technology},
   number = {30},
   year = {2008}
}

@phdthesis{Andreasson08,
   author = {Henrik Andreasson},
   institution = {\"{O}rebro University, Department of Technology},
   pages = {204},
   publisher = {Institutionen f\"{o}r teknik},
   school = {\"{O}rebro University, Department of Technology},
   title = {Local Visual Feature based Localisation and Mapping by Mobile Robots},
   series = {\"{O}rebro Studies in Technology},
   number = {31},
   year = {2008}
}

@phdthesis{Bouguerra08,
   author = {Abdelbaki Bouguerra},
   institution = {\"{O}rebro University, Department of Technology},
   pages = {175},
   publisher = {Institutionen f\"{o}r teknik},
   school = {\"{O}rebro University, Department of Technology},
   title = {Robust Execution of Robot Task-Plans: A Knowledge-based Approach},
   series = {\"{O}rebro Studies in Technology},
   number = {32},
   year = {2008}
}

@phdthesis{Gillstrom06,
   author = {Peter Gillstr\"{o}m},
   institution = {\"{O}rebro University, Department of Technology},
   pages = {26},
   publisher = {\"{O}rebro universitetsbibliotek},
   school = {\"{O}rebro University, Department of Technology},
   title = {Alternatives to Pickling; Preparation of Carbon and Low Alloyed Steel Wire Rod},
   series = {\"{O}rebro Studies in Technology},
   number = {22},
   year = {2006}
}

@phdthesis{Bergsten02,
   author = {Pontus Bergsten},
   institution = {\"{O}rebro University, \"{O}rebro University},
   pages = {117},
   publisher = {\"{O}rebro universitetsbibliotek},
   school = {\"{O}rebro University, \"{O}rebro University},
   title = {Observers and controllers for Takagi-Sugeno fuzzy systems},
   series = {\"{O}rebro Studies in Technology},
   number = {1},
   year = {2002}
}

@phdthesis{Iliev04,
   author = {Boyko Iliev},
   institution = {\"{O}rebro University, Department of Technology},
   pages = {159},
   publisher = {\"{O}rebro universitetsbibliotek},
   school = {\"{O}rebro University, Department of Technology},
   title = {Minimum-time Sliding Mode Control of Robot Manipulators},
   series = {\"{O}rebro Studies in Technology},
   number = {10},
   year = {2004}
}

@phdthesis{Otterskog06,
   author = {Magnus Otterskog},
   institution = {\"{O}rebro University, Department of Technology},
   pages = {92},
   publisher = {\"{O}rebro universitetsbibliotek},
   school = {\"{O}rebro University, Department of Technology},
   title = {Propagation Environment Modeling Using Scattered Field Chamber},
   series = {\"{O}rebro Studies in Technology},
   number = {24},
   year = {2006}
}

@phdthesis{Pettersson04,
   author = {Ola Pettersson},
   institution = {\"{O}rebro University, Department of Technology},
   pages = {159},
   publisher = {\"{O}rebro universitetsbibliotek},
   school = {\"{O}rebro University, Department of Technology},
   title = {Model-Free Execution Monitoring in Behavior-Based Mobile Robotics},
   series = {\"{O}rebro Studies in Technology},
   number = {11},
   year = {2004}
}

@phdthesis{Overstam04,
   author = {Henrik \"{O}verstam},
   institution = {\"{O}rebro University, Department of Technology},
   pages = {92},
   publisher = {\"{O}rebro universitetsbibliotek},
   school = {\"{O}rebro University, Department of Technology},
   title = {The Interdependence of Plastic Behaviour and Final Properties of Steel Wire, Analysed by the Finite Element Method},
   series = {\"{O}rebro Studies in Technology},
   number = {12},
   year = {2004}
}

@phdthesis{Lindquist07,
   author = {Malin Lindquist},
   institution = {\"{O}rebro University, Department of Technology},
   pages = {81},
   publisher = {\"{O}rebro universitetsbibliotek},
   school = {\"{O}rebro University, Department of Technology},
   title = {Electronic Tongue for Water Quality Assessment},
   series = {\"{O}rebro Studies in Technology},
   number = {25},
   year = {2007}
}

@phdthesis{Tolt05,
   author = {Gustav Tolt},
   institution = {\"{O}rebro University, Department of Technology},
   pages = {136},
   publisher = {\"{O}rebro universitetsbibliotek},
   school = {\"{O}rebro University, Department of Technology},
   title = {Fuzzy Similarity-based Image Processing},
   series = {\"{O}rebro Studies in Technology},
   number = {18},
   year = {2005}
}

@phdthesis{Lundh09,
   author = {Robert Lundh},
   institution = {\"{O}rebro University, School of Science and Technology},
   pages = {205},
   publisher = {Universitetsbiblioteket},
   school = {\"{O}rebro University, School of Science and Technology},
   title = {Robots that Help Each Other : Self-Configuration of Distributed Robot Systems},
   series = {\"{O}rebro Studies in Technology},
   number = {33},
   year = {2009}
}

@phdthesis{Skoglund09,
   author = {Alexander Skoglund},
   institution = {\"{O}rebro University, School of Science and Technology},
   pages = {161},
   publisher = {\"{O}rebro University},
   school = {\"{O}rebro University, School of Science and Technology},
   title = {Programming by Demonstration of Robot Manipulators},
   series = {\"{O}rebro Studies in Technology},
   number = {34},
   year = {2009}
}

@phdthesis{Ranjbar09,
   author = {Parivash Ranjbar},
   institution = {\"{O}rebro University, School of Science and Technology},
   pages = {188},
   publisher = {N\"{a}rkeTryck},
   school = {\"{O}rebro University, School of Science and Technology},
   title = {Sensing the Environment : Development of Monitoring Aids for Persons with Profound Deafness or Deafblindness},
   series = {\"{O}rebro Studies in Technology},
   number = {35},
   year = {2009}
}

@phdthesis{Magnusson09,
   author = {Martin Magnusson},
   institution = {\"{O}rebro University, School of Science and Technology},
   pages = {199},
   publisher = {\"{O}rebro universitet},
   school = {\"{O}rebro University, School of Science and Technology},
   title = {The Three-Dimensional Normal-Distributions Transform : An Efficient Representation for Registration, Surface Analysis, and Loop Detection},
   series = {\"{O}rebro Studies in Technology},
   number = {36},
   year = {2009}
}

@phdthesis{Rahayem10,
   author = {Mohamed Rahayem},
   institution = {\"{O}rebro University, School of Science and Technology},
   pages = {102},
   publisher = {\"{O}rebro University Library},
   school = {\"{O}rebro University, School of Science and Technology},
   title = {Segmentation and Fitting for Geometric Reverse Engineering : Processing data captured by a laser profile scanner mounted on an industrial robot},
   series = {\"{O}rebro Studies in Technology},
   number = {37},
   year = {2010}
}

@phdthesis{Karlsson10,
   author = {Alexander Karlsson},
   institution = {\"{O}rebro University, School of Science and Technology},
   note = {Examining Committee: Arnborg, Stefan, Professor (KTH Royal Institute of Technology), Kjellstr\"{o}m, Hedvig, Associate Professor (Docent) (KTH Royal Institute of Technology), Saffiotti, Alessandro, Professor (\"{O}rebro University)},
   pages = {126},
   publisher = {University of \"{O}rebro},
   school = {\"{O}rebro University, School of Science and Technology},
   title = {Evaluating Credal Set Theory as a Belief Framework in High-Level Information Fusion for Automated Decision-Making},
   series = {\"{O}rebro Studies in Technology},
   number = {38},
   year = {2010}
}

@phdthesis{Johansson10,
   author = {Fredrik Johansson},
   institution = {\"{O}rebro University, School of Science and Technology},
   note = {Fredrik Johansson forskar ocksa vid Sk\"{o}vde H\"{o}gskola, Informatics Research Centre / Fredrik Johansson also does research at the University of Sk\"{o}vde, Informatics Research Centre},
   publisher = {\"{O}rebro universtet},
   school = {\"{O}rebro University, School of Science and Technology},
   title = {Evaluating the Performance of TEWA Systems},
   series = {\"{O}rebro Studies in Technology},
   year = {2010}
}

