@book{latex2e,
  author = {Leslie Lamport},
  year = {1994},
  title = {{\LaTeX}: a Document Preparation System},
  publisher = {Addison Wesley},
  address = {Massachusetts},
  edition = {2}
}

@article{LiVR22,
  author       = {Jianwen Li and
                  Moshe Y. Vardi and
                  Kristin Y. Rozier},
  title        = {Satisfiability checking for Mission-time {LTL} {(MLTL)}},
  journal      = {Inf. Comput.},
  volume       = {289},
  number       = {Part},
  pages        = {104923},
  year         = {2022},
  url          = {https://doi.org/10.1016/j.ic.2022.104923},
  doi          = {10.1016/J.IC.2022.104923},
}

@inproceedings{ChenZH23,
  author       = {Ting Chen and
                  Ruixiang Zhang and
                  Geoffrey E. Hinton},
  title        = {Analog Bits: Generating Discrete Data using Diffusion Models with
                  Self-Conditioning},
  booktitle    = {The Eleventh International Conference on Learning Representations,
                  {ICLR} 2023, Kigali, Rwanda, May 1-5, 2023},
  publisher    = {OpenReview.net},
  year         = {2023},
  url          = {https://openreview.net/pdf?id=3itjR9QxFw},
}
